<record><leader>00000cas a22000007a 4500</leader><controlfield tag="001">12957207</controlfield><controlfield tag="008">851227d18611862gaudr ne      0    0eng d</controlfield><datafield ind1=" " ind2=" " tag="010"><subfield code="a">sn 85027109 </subfield></datafield><datafield ind1=" " ind2=" " tag="040"><subfield code="a">NPX</subfield><subfield code="b">eng</subfield><subfield code="c">NPX</subfield><subfield code="d">NLG</subfield><subfield code="d">CNK</subfield><subfield code="d">MGN</subfield><subfield code="d">GUA</subfield><subfield code="d">OCLCQ</subfield><subfield code="d">GEH</subfield><subfield code="d">OCLCO</subfield><subfield code="d">OCLCF</subfield></datafield><datafield ind1="1" ind2=" " tag="029"><subfield code="a">AU@</subfield><subfield code="b">000026323361</subfield></datafield><datafield ind1=" " ind2=" " tag="042"><subfield code="a">msc</subfield></datafield><datafield ind1=" " ind2=" " tag="043"><subfield code="a">n-us-ga</subfield></datafield><datafield ind1="0" ind2=" " tag="130"><subfield code="a">Commonwealth (Atlanta, Ga.)</subfield></datafield><datafield ind1="1" ind2="4" tag="245"><subfield code="a">The commonwealth.</subfield></datafield><datafield ind1=" " ind2=" " tag="260"><subfield code="a">Atlanta, Ga. :</subfield><subfield code="b">Commonwealth Pub. Co.,</subfield><subfield code="c">[1861-1862]</subfield></datafield><datafield ind1=" " ind2=" " tag="300"><subfield code="a">v.</subfield></datafield><datafield ind1=" " ind2=" " tag="310"><subfield code="a">Daily</subfield></datafield><datafield ind1="1" ind2=" " tag="362"><subfield code="a">Began in Mar. 1861; ceased in 1862?</subfield></datafield><datafield ind1=" " ind2=" " tag="500"><subfield code="a">Publishers' names recorded in Brantley, R.L. Ga. journalism of the Civil War period.</subfield></datafield><datafield ind1=" " ind2=" " tag="580"><subfield code="a">Weekly ed.: Georgia commonwealth.</subfield></datafield><datafield ind1=" " ind2=" " tag="588"><subfield code="a">Description based on: Vol. 1, no. 7 (Mar. 14, 1861).</subfield></datafield><datafield ind1=" " ind2="0" tag="651"><subfield code="a">Atlanta (Ga.)</subfield><subfield code="v">Newspapers.</subfield></datafield><datafield ind1=" " ind2="0" tag="651"><subfield code="a">United States</subfield><subfield code="x">History</subfield><subfield code="y">Civil War, 1861-1865.</subfield></datafield><datafield ind1=" " ind2="7" tag="655"><subfield code="a">History.</subfield><subfield code="2">fast</subfield><subfield code="0">(OCoLC)fst01411628</subfield></datafield><datafield ind1=" " ind2="7" tag="655"><subfield code="a">Newspapers.</subfield><subfield code="2">fast</subfield><subfield code="0">(OCoLC)fst01423814</subfield></datafield><datafield ind1="2" ind2="7" tag="611"><subfield code="a">American Civil War (1861-1865)</subfield><subfield code="2">fast</subfield><subfield code="0">(OCoLC)fst01351658</subfield></datafield><datafield ind1=" " ind2="7" tag="648"><subfield code="a">1861-1865</subfield><subfield code="2">fast</subfield></datafield><datafield ind1=" " ind2="7" tag="651"><subfield code="a">Georgia</subfield><subfield code="z">Atlanta.</subfield><subfield code="2">fast</subfield><subfield code="0">(OCoLC)fst01204627</subfield></datafield><datafield ind1=" " ind2="7" tag="651"><subfield code="a">United States.</subfield><subfield code="2">fast</subfield><subfield code="0">(OCoLC)fst01204155</subfield></datafield><datafield ind1=" " ind2=" " tag="752"><subfield code="a">United States</subfield><subfield code="b">Georgia</subfield><subfield code="c">Fulton</subfield><subfield code="d">Atlanta.</subfield></datafield><datafield ind1="1" ind2=" " tag="775"><subfield code="t">Georgia commonwealth (Atlanta, Ga. : 1862)</subfield></datafield></record>